2509 4142
318 403 815 493 'msnrvm
848 401 1083 456 cur.
1119 402 1276 457 us.
1310 403 1396 458 x.
1432 384 1800 456 οινζνιι.
1873 381 1977 457 73

147 585 680 675 {marim-ummo
731 580 1247 663 ventilator-um,
1299 592 1377 648 ut
1420 602 1534 666 ea,
1573 603 1750 670 quae
1796 580 1976 648 emi-

148 684 382 770 serint,
424 690 604 777 ultro
644 685 885 766 venire
924 684 997 751 in
1037 706 1273 751 manus
1316 681 1551 759 credas
1595 698 1664 751 et
1707 709 1836 775 qua
1859 684 1980 752 iu·-

150 793 399 857 bentur
455 791 834 857 decurrere.
961 788 1099 855 Sed
1152 787 1265 853 hic
1302 810 1482 854 usus·
1507 787 1603 854 ita
1645 782 1982 876 proderit,
2005 791 2091 857 12

150 892 210 959 si
274 916 390 973 ea,
475 891 562 957 de
605 915 737 981 qua
780 888 991 957 locuti
1032 913 1293 972 sumus,
1380 913 1490 957 ars
1530 891 1985 976 antecesserit,

151 1009 226 1065 ut
265 995 494 1084 ipsum
534 988 724 1095 illud,
770 995 952 1083 quod
994 992 1069 1059 in
1112 1015 1183 1058 se
1223 992 1559 1060 ratione‘m
1596 1016 1733 1060 non
1759 995 1982 1082 habet,

152 1097 229 1163 in
266 1097 538 1164 ratione
577 1112 908 1164 versetur.
992 1096 1161 1162 Nam
1201 1096 1371 1162 mihi
1423 1121 1511 1163 ne
1551 1097 1780 1164 dicere
1817 1099 1986 1188 ‘qui-

158 1201 312 1267 dem
367 1200 677 1282 videtur,
732 1199 866 1266 nisi
906 1198 1040 1288 qui
1095 1198 1463 1289 disposite,
1522 1214 1810 1283 ornate,
1855 1226 1987 1270 co·-

43 1314 48 1319 '
158 1303 351 1393 piose
396 1302 586 1385 dicit,
629 1302 749 1369 sed
791 1301 1220 1369 tumultuari:
1260 1325 1386 1370 nec
1425 1298 1714 1370 fortuiti
1718 1327 1986 1374 sermo-
2013 1310 2098 1377 13

159 1408 265 1473 nis
320 1419 721 1474 contextum
759 1402 1093 1470 mirabor
1096 1428 1422 1493 unquam,
1464 1429 1665 1495 quem
1705 1407 1993 1497 iurgan-

163 1510 340 1577 tibus
385 1508 592 1575 etiam
632 1507 1042 1575 mulierculis
1086 1508 1500 1597 superfluere
1541 1509 1781 1578 video.
1839 1534 1993 1581 cum

167 1635 248 1679 eo
291 1587 514 1702 quod,
571 1608 633 1679 si
686 1612 873 1676 calor
921 1633 998 1675 ac
1051 1610 1325 1695 spiritus
1367 1611 1556 1695 tulit,
1597 1611 1995 1707 frequenter

171 1716 444 1800 accidit,
496 1752 509 1770 =
539 1726 618 1780 ut
671 1734 1050 1777 successum
1103 1717 1645 1802 extemporalem
1667 1719 1996 1809 consequi

174 1840 528 1913 cur-annon
581 1813 813 1905 possit.
906 1810 1131 1879 Deum
1193 1828 1352 1882 tnnc
1392 1816 1682 1901 affuisse,
1728 1838 1878 1887 cum
1919 1814 2108 1915 ἰᾴ14

172 1922 545 2002 evenisset,
600 1930 868 1985 veteres
925 1931 1265 1998 oratores,
1307 1932 1383 1983 ut
1423 1917 1665 1987 Cicero
1708 1921 1838 2005 ait,
1882 1925 2002 1990 di..

176 2023 519 2099 etitabant.
605 2019 742 2087 Sed
791 2017 966 2084 ratio
1008 2020 1367 2087 manifesta
1412 2036 1531 2089 est.
1613 2024 1811 2093 Nam·
1828 2026 2005 2096 bene
2087 2023 2096 2031 ”

181 2124 487 2216 concepti
543 2123 819 2189 affectus
886 2133 955 2186 et
1007 2135 1312 2188 recentes
1382 2122 1611 2190 rerum
1678 2126 2007 2214 imagines

183 2225 504 2292 continuo
561 2223 818 2309 impetu
870 2221 1213 2303 feruntur,
1286 2245 1458 2310 quae
1525 2245 2011 2313 nonnunquam

170 2346 373 2393 ¹mora·
411 2325 553 2392 stili
592 2323 1035 2411 refrigescunt
1078 2335 1148 2387 et
1187 2323 1436 2388 dilatae
1475 2344 1613 2388 non
1640 2340 2014 2392 revertun-

60 2470 77 2491 .
185 2440 313 2496 tur.
403 2429 668 2517 Vtique
721 2445 892 2493 vero
963 2447 1115 2490 cum
1166 2423 1414 2490 infelix
1483 2424 1603 2490 illa
1640 2428 2018 2507 verborum

189 2532 534 2598 cavillatio
599 2527 879 2596 accessit
938 2539 1006 2592 et
1060 2549 1297 2593 cursus
1361 2526 1446 2591 ad
1488 2527 1754 2615 singula
1792 2535 2019 2596 vesti-

192 2634 302 2722 gia
354 2633 637 2715 restitit,
701 2654 841 2698 non
878 2645 1103 2722 potest
1140 2628 1344 2695 ferri
1352 2643 1659 2697 contorta
1700 2630 1847 2710 vis,
1896 2630 2021 2698 sed

172 2752 267 2809 ut
306 2738 562 2826 optime
599 2759 846 2812 vocum
887 2735 1300 2823 singularum
1343 2716 1550 2802 cedat
1580 2734 1842 2821 electio,
1884 2756 2026 2802 non
2129 2750 2137 2759 ·

195 2842 514 2907 continua
552 2840 673 2905 sed
717 2838 1088 2928 composita
1127 2852 1247 2902 est.

324 2943 426 3031 C.)
493 2942 721 3028 Ouare
776 2941 1139 3028 capiendae
1190 2954 1343 3006 sunt
1386 2939 1579 3023 illae,
1635 2888 1723 3006 de
1779 2936 2134 3030 quibus15

201 3043 372 3128 dixi,
413 3069 646 3113 rerum
683 3043 1031 3160 imagines,
1075 3067 1239 3134 quas
1283 3043 1519 3110 vocari
1545 3040 2035 3132 φαντασίας

205 3145 690 3232 indicavimus,
734 3147 1127 3235 omniaque,
1171 3148 1256 3213 de
1299 3147 1544 3237 quibus
1594 3146 1844 3213 dicturi
1886 3144 2040 3211 eri-
2088 3206 2108 3221 ,

204 3271 394 3332 mus,
475 3274 868 3340 personae,
946 3254 1439 3339 quaestiones,
1512 3272 1707 3337 spes,
1784 3267 2037 3321 metus,

211 3352 586 3421 habenda
562 3378 637 3422 in
681 3355 927 3437 oculis,
985 3354 1057 3420 in
1100 3353 1380 3420 affectus
1411 3336 1821 3444 recipienda.
1899 3353 2042 3420 Pe-

216 3468 360 3522 ctus
403 3473 506 3525 est
546 3458 745 3540 enim,
789 3457 976 3547 quod
1014 3456 1307 3524 disertos
1345 3455 1532 3541 facit,
1576 3471 1675 3523 et
1689 3455 1799 3524 vis
1842 3478 2045 3523 men-

148 3618 154 3623 .
218 3556 326 3624 tis.
424 3557 722 3651 Ideoque
780 3560 1115 3651 imperitis
1169 3583 1472 3685 quoque,
1531 3561 1585 3631 si
1644 3560 1851 3629 modo
1905 3557 2090 3628 sint

307 3680 359 3760 ᾖ.
412 3687 508 3747 15.
550 3683 729 3777 mode
770 3699 958 3749 sunt
1001 3683 1227 3769 alique.

1625 3832 1652 3863 Ι
