2509 4142
1030 224 1059 245 l
1185 208 1363 239 ⁴⁰¹*

293 330 303 357 ¹
401 334 847 443 iussi-rim.
885 343 1119 423 onir.
1152 371 1303 422 un.
1337 370 1628 425 meir.
1662 376 1746 427 v.
1849 349 1952 428 65

114 530 420 626 durescat
462 550 808 622 articulus
876 556 989 620 et
1011 551 1177 643 ipse
1215 528 1338 621 ille
1391 560 1641 623 mucro
1685 554 1956 687 ingemi
2045 638 2060 651 ,

113 660 482 737 cottidiana
521 678 747 748 pugna
787 657 1203 725 retundatur.

235 764 377 831 Sed
421 761 986 851 quemadmodum
1037 755 1422 825 forensibus
1465 760 1940 827 certaminibus
1969 769 2057 837 17

102 867 442 953 excitatos
498 878 566 930 et
627 863 820 951 quasi
878 861 1250 928 militantes
1293 861 1514 929 reficit
1555 888 1633 930 ao
1672 880 1947 957 reparat

107 971 274 1037 haec
314 969 541 1039 velut
528 966 787 1054 sagina
826 963 1131 1031 dicendi:
1175 965 1272 1030 sie
1313 965 1776 1035 adolescentes
1805 990 1945 1035 non

107 1073 359 1139 debent
396 1068 680 1137 nimium
718 1068 793 1133 in
835 1067 1007 1132 falsa
1042 1089 1271 1132 rerum
1310 1066 1603 1156 imagine
1647 1068 1944 1157 detineri

110 1189 173 1241 et
213 1172 528 1240 inanibus
572 1194 645 1237 se
687 1170 1060 1236 simulacris
1115 1180 1327 1260 usque
1371 1171 1576 1252 aden,
1635 1185 1709 1238 ut
1749 1168 1944 1238 diffi-

108 1277 255 1345 cilis
311 1276 399 1341 ab
452 1272 560 1339 his
621 1273 961 1361 digressus
1016 1272 1136 1354 sit,
1195 1270 1643 1357 assuefacere,
1709 1298 1798 1339 ne
1853 1276 1939 1340 ab

104 1379 255 1462 illa,
310 1379 390 1443 in
450 1401 583 1465 qua
637 1398 854 1465 prope
912 1376 1390 1443 consenuerint
1445 1377 1721 1456 umbra,
1766 1401 1939 1445 vera

107 1472 535 1560 discrimina,
576 1480 772 1545 velut,
802 1479 1140 1566 quendam
1185 1481 1430 1561 solem,
1475 1478 1937 1549 reformident.

106 1582 677 1672 Quod-accidisse
721 1574 928 1646 etiam
966 1581 1209 1647 Porcio
1253 1580 1567 1656 Latroni.
1624 1583 1938 1673 quim-it²
1967 1590 2054 1658 18
2159 1620 2164 1627 ·

104 1712 249 1755 mus
309 1682 475 1754 clari
528 1682 821 1757 nominis
876 1683 1222 1769 professor
1275 1683 1442 1763 fuit,
1499 1686 1823 1753 traditur:
1866 1701 1942 1753 ut
2067 1704 2072 1710 ·

44 1788 257 1858 scum
308 1789 415 1879 ,⁰52
502 1809 827 1856 summam
880 1785 953 1852 in
1012 1785 1262 1853 scholis
1319 1786 1708 1879 opinionem
1750 1788 1974 1856 omi-³

104 1892 312 1977 nenti,
369 1914 573 1959 causa
615 1890 688 1955 in
730 1887 885 1955 foro
926 1903 1101 1955 esset
1144 1890 1421 1970 oranda,
1465 1887 1784 1980 impense
1809 1914 1945 1981 pe*

101 1996 322 2078 fierit,
365 1994 469 2061 uti
512 1992 835 2061 subsellia
889 1992 963 2059 in
1007 1992 1351 2058 basilicam
1396 1992 1942 2061 transferrentur.

102 2097 210 2167 Ita
244 2098 357 2165 illi
396 2098 661 2164 coelum
703 2117 959 2165 novum
1007 2095 1176 2180 fuit,
1219 2111 1296 2162 ut
1339 2096 1556 2163 omnis
1600 2097 1743 2163 eius
1788 2101 1981 2166 elo-'
2039 2098 2046 2109 '

104 2202 383 2293 quentia
427 2201 760 2269 contineri
801 2200 986 2273 tecto
1035 2225 1116 2268 ac
1154 2200 1527 2292 parietibus
1569 2202 1941 2293 videretur.

46 2334 49 2341 2
102 2307 335 2392 Quare
387 2305 693 2388 iuvenis,
786 2305 907 2394 qui
958 2305 1292 2371 rationem
1345 2305 1743 2372 inveniendi
1788 2311 1938 2376 elo·
1967 2320 2051 2387 19

99 2411 581 2500 quendiquea
637 2408 1191 2498 praeceptoribus
1248 2406 1612 2496 diligenter
1654 2433 1944 2501 aecepe-

97 2517 223 2583 rit:
270 2513 458 2604 quod
501 2532 637 2579 non
678 2527 782 2578 est
820 2510 1067 2577 infiniti
1111 2510 1359 2600 operis,
1403 2509 1463 2577 si
1506 2513 1750 2579 dooere
1800 2515 1942 2581 sci-

98 2633 213 2684 ant
260 2633 336 2684 et
375 2616 627 2683 velint:
683 2610 1566 2703 exercitationem‘quoque
1607 2617 1944 2684 modicam'

94 2721 314 2789 fuerit
354 2719 784 2796 consecutus}
827 2704 1170 2782 oratorem
1211 2717 1344 2784 sibi
1387 2714 1709 2805 aliquem,
1754 2721 1941 2809 quod

97 2826 285 2916 apud
345 2822 639 2889 maiores
690 2818 1173 2903 fieri²solebat,
1232 2817 1520 2908 deli'gat,
1577 2846 1778 2909 quem
1822 2847 1944 2889 se-

98 2942 385 3017 quatur,
426 2947 647 3019 'quem
686 2921 1027 3005 imiteturt,
1083 2922 1377 2989 iudiciis?
1418 2923 1689 2990 intersit
1740 2946 1941 3014 quam
2043 2922 2055 2963 ἶ
2089 2922 2094 2931 ’

93 3028 414 3120 plurimis
459 3041 526 3093 et
569 3026 659 3093 sit
701 3025 1120 3107 certaminis,
1164 3026 1274 3093 dni
1317 3025 1731 3111 destinatur,
1788 3029 1944 3095 fre..

93 3155 319 3223 quens
361 3142 719 3218 spectator.
763 3127 946 3194 Tum
988 3151 1218 3197 causas
1259 3131 1374 3195 vel
1420 3126 1725 3212 easdem,
1770 3156 1936 3220 quas
1960 3143 2048 3209 20

98 3236 223 3327 agi
252 3230 596 3316 audierit,
654 3231 816 3298 stilo
860 3245 928 3297 et
966 3230 1114 3321 ipse
1150 3245 1524 3352 componat
1576 3236 1693 3301 vel
1734 3234 1942 3301 etiam
2013 3265 2021 3272 ·

1329 3326 1342 3341 ”
1583 3340 1596 3369 x

181 3394 238 3478 ᾗ.
295 3398 395 3454 16.
444 3386 919 3471 quotidiana
960 3409 1189 3471 pugna.

172 3477 236 3559 5.
291 3482 389 3539 17.
433 3474 861 3536 certaminibus
904 3475 1442 3548 exercitatos,
1504 3486 1569 3535 et
1610 3466 1942 3536 -inan1..

272 3563 391 3624 bus
450 3537 787 3625 simulacris
846 3593 932 3608 --
985 3573 1059 3620 ut
1117 3559 1487 3620 difficile
1546 3561 1621 3622 ab
1662 3561 1760 3623 his
1804 3561 1945 3625 di-

273 3667 319 3732 g
332 3669 361 3708 ι·
374 3670 409 3710 e
423 3669 454 3712 s
467 3669 497 3712 s
513 3668 548 3710 o
558 3666 592 3715 s
634 3646 715 3710 sit
754 3644 1127 3713 assuefacere
1140 3689 1160 3727 ‚
1205 3648 1288 3709 ue'
1329 3660 1437 3709 etc.
