2509 4142
437 400 443 406 -
522 356 632 462 2Q
992 364 1075 431 Μ’.
1112 381 1281 432 una
1322 379 1891 455 evinci-imma

538 558 741 627 verit.
784 554 974 624 Idem
995 558 1249 624 ‘laetum
1273 580 1365 625 ac·
1391 546 1680 649 pressus,
1721 559 2056 629 iucundus
2103 575 2169 628 et
2200 586 2369 652 gra-

458 680 465 689 ‘
536 650 709 745 vis3'
763 676 906 728 tum
963 660 1157 749 copia
1211 676 1358 726 tum
1412 661 1752 728 brevitate
1792 650 2156 730 mirabilis:
2241 688 2368 732 nec

537 766 805 854 poetica
855 764 1094 863 medon,
1154 764 1276 828 sed
1332 763 1631 829 oratoria
1671 764 1926 831 virtute
1964 766 2369 859 eminentis-

432 882 519 947 47
539 870 762 933 simus.
859 866 1031 932 Nam
1066 878 1159 931 'ut
1214 865 1300 931 de
1353 864 1700 948 laudibus‘,
1755 869 2366 955 exhortationibus,

538 969 1112 1038 consolationibus
1153 981 1448 1035 taceam:
1489 966 1719 1035 nonne
1758 973 1883 1056 vel
1921 993 2139 1038 nonus
2168 973 2363 1054 liber,

434 1110 439 1121 ·
515 1097 674 1162 ·quo
732 1073 935 1139 missa
990 1071 1081 1136 ad¹
1117 1070 1460 1140 Achillem
1501 1073 1752 1161 legatio
1797 1074 2207 1157 continetur,
2250 1078 2365 1141 vel

535 1177 614 1259 in
667 1175 892 1266 primo
945 1176 1123 1253 inter
1177 1175 1381 1239 duces
1435 1172 1554 1238 illa
1598 1175 1941 1242 contentio
1987 1179 2104 1244 vel
2143 1178 2364 1244 dictae

532 1279 604 1346 in
647 1278 939 1355 secundo
981 1275 1383 1356 sententia-,e
1438 1297 1668 1341 omnes
1729 1278 1950 1344 litium
2009 1303 2086 1346 ac
2131 1279 2367 1346 consi-.-

426 1383 779 1451 481iorum
833 1378 1182 1487 expli‘cant
1239 1378 1466 1443 artes?
1526 1380 1840 1447 Affectus
1893 1382 2203 1470 quidem,
2249 1385 2363 1448 vel

530 1485 687 1551 illos
743 1481 940 1547 mites
995 1483 1109 1548 vel
1126 1466 1276 1547 hos
1320 1464 1756 1567 concitatos,
1810 1507 2032 1551 nemo
2055 1486 2181 1551 erit
2222 1498 2364 1553 tam

532 1585 867 1685 indoctus,
906 1583 1026 1672 qui
1067 1607 1201 1649 non
1243 1583 1320 1649 in
1360 1576 1480 1649 sila
1521 1588 1863 1676 potestate
1900 1588 2076 1653 hunc
2119 1602 2364 1655 aucto-

529 1711 678 1755 rem
719 1686 1031 1753 habuisse
1072 1685 1389 1753 fateatur.
1473 1689 1634 1779 Age
1673 1712 1876 1771 vere,
1919 1710 2057 1756 non
2097 1692 2363 1774 utrius-

529 1815 660 1880 que
702 1789 931 1879 operis
964 1786 1331 1877 ingressus.
1353 1788 1429 1873 in
1461 1792 1877 1880 paucissimis
1907 1792 2214 1859 versibus
2248 1797 2362 1859 le-

518 1917 677 1983 ,gem
727 1889 1233 1981 prooemiorum
1275 1913 1411 1958 non
1454 1892 1611 1959 dico
1655 1894 1980 1972 servavit,
2024 1897 2142 1963 sed
2185 1919 2363 1963 con-

528 1994 794 2062 stituit?
845 1993 1014 2059 Nam
1059 1994 1469 2062 benevolum
1512 1995 1888 2065 auditorem
1911 1999 2361 2066 invocatione

518 2086 849 2178 “Dent-urm
904 2120 1069 2186 quas
1108 2097 1501 2186 praesidere
1539 2100 2190 2169 vatibus'creditum
2237 2117 2358 2185 est,

526 2214 597 2269 et
660 2200 993 2267 intentum
1060 2201 1416 2289 proposita
1486 2226 1716 2268 rerum
1774 2205 2232 2293 magnitudine
2290 2221 2362 2274 et

531 2304 819 2373 docilem
900 2324 1158 2369 summa
1245 2304 1561 2373 celeriter
1623 2310 2109 2396 comprehensa
2174 2310 2359 2377 facit.

397 2410 504 2476 ‘49
529 2408 822 2475 Narrare
886 2429 1058 2475 vero
1118 2406 1270 2495 quis
1326 2408 1604 2474 brevius
1658 2433 1860 2497 quam
1902 2411 2021 2499 qui
2062 2404 2384 2481 mortem'

521 2509 796 2579 nunciat
821 2509 1135 2591 Patrocli,
1180 2509 1331 2598 quis
1365 2510 1851 2599 significantius
1873 2527 2115 2600 potest,
2153 2539 2357 2604 quam

510 2612 642 2706 'qui
687 2612 1002 2680 Curetum
1045 2614 1593 2703 Aetolorumque
1637 2614 1967 2700 praelium
2011 2619 2353 2706 exponit?

517 2721 659 2788 Iam
690 2709 1196 2806 similitudinesgp
1226 2716 1796 2807 amplificationes,
1841 2722 2173 2810 exempla,
2219 2721 2358 2788 de-
2445 2726 2452 2733 ’

521 2843 831 2912 gressus,
876 2817 1069 2902 signa
1113 2842 1340 2916 rerum
1384 2835 1452 2887 et
1496 2834 1918 2907 argumenta,
1946 2811 2355 2912 ceteraque,

506 2948 690 3016 quae
733 2921 1075 3014 probandi
1115 2945 1192 2987 ac
1234 2922 1576 2988 refutandi
1621 2912 1808 3006 sunt,
1850 2923 1948 2989 ita
1990 2928 2229 3009 multa,
2272 2944 2357 2996 ut

513 3029 715 3096 etiam
758 3024 875 3114 qui
920 3023 1004 3113 de
1047 3024 1318 3091 artibus*
1348 3026 1768 3115 scripserunt
1810 3026 2084 3115 plurimi
2113 3022 2355 3097 harum

391 3131 745 3213 ,sororum
786 3126 1245 3193 testimonium
1277 3127 1377 3193 ab
1420 3130 1554 3207 hoc
1596 3141 1798 3215 poeta
1842 3144 2091 3218 petant.
2175 3132 2355 3200 Nam

510 3234 818 3325 epilogus
861 3228 1135 3318 quidem
1179 3230 1332 3319 quis
1372 3254 1668 3320 unquam
1698 3231 1951 3320 poterit
1977 3233 2113 3299 illis
2145 3235 2353 3301 Pria-

507 3338 606 3404 mi
645 3331 947 3423 rogantis
987 3333 1334 3399 Achillem
1372 3334 1688 3423 precibus
1734 3335 2058 3422 aequari?
2105 3335 2346 3421 Quid?

435 3480 441 3495 .
506 3440 582 3509 in
623 3436 878 3541 verbis7
922 3433 1297 3539 sententiis,
1336 3433 1597 3524 figuris,
1641 3436 2085 3527 dispositione
2128 3440 2345 3510 totius

582 3640 636 3722 ᾗ.
680 3642 783 3707 49.
824 3620 1514 3723 nuntiat—exempla,
1559 3638 2002 3727 digressus.
2053 3610 2060 3619 .
